Error list:
[{"tag":"6XX","description":"Missing tag 6XX - SUBJECT ACCESS"}]
LEADER 00708nam a2200217 a 4500
001 28484
003 NIH
005 20250421120432.0
008 250421b2013    my a|||| |||| 00| 0 eng d
040   $aNIH$beng$erda
090 00$aKM00973$dLIBRARY NIH
245   $aCost Analysis of Delivering Outpatient Services in a Public Hospital
264  1$a Institute for Health Systems Research, Shah Alam, Malaysia. $b Institute for Health Systems Research, Shah Alam, Malaysia. $c2013
300   $aComputer disc;$c12 cm
336   $2rdacontent$atext
337   $2rdamedia$aunmediated
338   $2rdacarrier$avolume
856   $uhttps://library.nih.gov.my
942   $2NLM$n0$cREF
999   $c28484$d28484
999   $aKM00973

Error list:
[{"tag":"6XX","description":"Missing tag 6XX - SUBJECT ACCESS"}]
