LEADER 00589nam a2200217 a 4500
001 28483
003 NIH
005 20250421115059.0
008 250421b2011    my a|||| |||| 00| 0 may d
040   $aNIH$beng$erda
090 00$aKM00972$dLIBRARY NIH
245   $aLAPORANTAHUNAN$bJABATAN KESIHATAN NEGERI KEDAH DARUL AMAN
264  1$aKedah Darul Aman$c2011
300   $aComputer disc;$c12 cm
336   $2rdacontent$atext
337   $2rdamedia$aunmediated
338   $2rdacarrier$avolume
856   $uhttps://library.nih.gov.my
942   $2NLM$n0$cREF
999   $c28483$d28483
999   $aKM00972

Error list:
[{"tag":"6XX","description":"Missing tag 6XX - SUBJECT ACCESS"}]
