LEADER 00643nam a2200217 a 4500
001 28482
003 NIH
005 20250421112058.0
008 250421b2016    my a|||| |||| 00| 0 eng d
040   $aNIH$beng$erda
090 00$aKM00971$dLIBRARY NIH
245   $aMALAYSIA NATIONAL HEALTH ACCOUNTS$bHealth Expenditure Report  1997-2015
264  1$aMINISTRY OF HEALTH MALAYSIA$bMINISTRY OF HEALTH MALAYSIA$c2016
300   $aComputer disc;$c12 cm
336   $2rdacontent$atext
337   $2rdamedia$aunmediated
338   $2rdacarrier$avolume
856   $uhttps://library.nih.gov.my
942   $2NLM$n0$cREF
999   $c28482$d28482
999   $aKM00971

Error list:
[{"tag":"6XX","description":"Missing tag 6XX - SUBJECT ACCESS"}]
