LEADER 00825nam a2200229 a 4500
001 28481
003 NIH
005 20250421110319.0
008 250421b2016    my a|||| |||| 00| 0 may d
040   $aNIH$beng$erda
090 00$aKM00970$dLIBRARY NIH
100   $aDr. Hj. Amirullah bin Mohd Arshad, Datuk Dr. Dul Hadi bin Mat Junid, Dr. Doreyat bin Jemun, Tn. Hj. Abdul Aziz bin Ahmad, En. Abdul Aziz bin Simat, Pn. Norzitah binti Abu Khair
245   $aLAPORAN TAHUNAN JABATAN KESIHATAN NEGERI MELAKA 2016
264  1$aJABATAN KESIHATAN NEGERI MELAKA$bJABATAN KESIHATAN NEGERI MELAKA$c2016
300   $aComputer disc;$c12 cm
336   $2rdacontent$atext
337   $2rdamedia$aunmediated
338   $2rdacarrier$avolume
856   $uhttps://library.nih.gov.my
942   $2NLM$n0$cREF
999   $c28481$d28481
999   $aKM00970

Error list:
[{"tag":"6XX","description":"Missing tag 6XX - SUBJECT ACCESS"}]
