LEADER 01233nam a2200361 a 4500
001 28480
003 NIH
005 20250421101632.0
008 250421b2016    my a|||| |||| 00| 0 eng d
040   $aNIH$beng$erda
090 00$aKM00969$dLIBRARY NIH
245   $aNATIONAL HEALTH AND MATERNAL MORBIDITY SURVEY 2016: AND CHILD HEALTH$bVOLUME ONE : Methodology and General Findings (NMRR - NMRR-15-511-25359)
264  1$aKuala Lumpur$bInstitute for Public Health, Ministry of Health, Malaysia The National Health and Morbidity Survey 2016: Maternal and Child Health$c2016
300   $aComputer disc;$c12 cm
336   $2rdacontent$atext
337   $2rdamedia$aunmediated
338   $2rdacarrier$avolume
700   $aRajini Sooryanarayana
700   $aNoor Ani Ahmad
700   $aChandrika Jeevananthan
700   $a Maria Safura Mohamad
700   $aCheong Siew Man
700   $a Muhammad Fadhli Yusoff
700   $a Noor Aliza Lodz
700   $aNorzawati Yeop
700   $aTania Gayle Robert Lourdes
700   $aHelen Tee Giat Hiong
700   $aShubash Shander Ganapathy
700   $aTahir Aris
856   $uhttps://library.nih.gov.my
942   $2NLM$n0$cREF
999   $c28480$d28480
999   $aKM00969

Error list:
[{"tag":"6XX","description":"Missing tag 6XX - SUBJECT ACCESS"}]
