LEADER 00672nam a2200217 a 4500
001 28479
003 NIH
005 20250421094912.0
008 250421b        my a|||| |||| 00| 0 eng d
040   $aNIH$beng$erda
090 00$aKM00968$dLIBRARY NIH
245   $aMALAYSIA NATIONAL HEALTH ACCOUNTS$bHealth Expenditure Report  1997-2014
264  1$a Putrajaya, Malaysia$bMalaysia National Health Accounts (MNHA) Unit Planning Division$c2016
300   $aComputer disc;$c12 cm
336   $2rdacontent$atext
337   $2rdamedia$aunmediated
338   $2rdacarrier$avolume
856   $uhttps://library.nih.gov.my
942   $2NLM$n0$cREF
999   $c28479$d28479
999   $aKM00968

Error list:
[{"tag":"6XX","description":"Missing tag 6XX - SUBJECT ACCESS"}]
