LEADER 00639nim a2200217 i 4500
001 28478
003 NIH
005 20250506111341.0
008 250421b        |||||||| |||| 00| 0 eng d
040   $aNIH$beng$erda
090 00$aKM00966$dLIBRARY NIH
245   $aMinistry of Health Virtual Library System Training Kementerian Kesihatan Malaysia  July 2009
264  1$aKementerian Kesihatan Malaysia $c2009
300   $aComputer disc;$c12 cm
336   $2rdacontent$atext
337   $2rdamedia$aunmediated
338   $2rdacarrier$avolume
856   $uhttps://library.nih.gov.my
942   $2NLM$n0$cREF
999   $c28478$d28478
999   $aKM00966

Error list:
[{"tag":"264","description":"Missing tag 264 - PRODUCTION, PUBLICATION, DISTRIBUTION, MANUFACTURE, AND COPYRIGHT NOTICE (R)"}]
