LEADER 00965nam a2200241 a 4500
001 28477
003 NIH
005 20250421151024.0
008 250418b        |||||||| |||| 00| 0 eng d
028   $bMOH/P/IKN/11.24(AR) - e
040   $aNIH$beng$cNIH$erda
090   $aQZ206$bSM665 2024
110   $aNational Cancer Registry Department
245   $aSUMMARY OF THE MALAYSIA NATIONAL CANCER $bREGISTRY REPORT 2017-2021$cINSTITUT KANSER NEGARA
260   $aPutrajaya$bInstitut Kanser Negara$c2024
300   $a20 pages$bColour charts, colour graphs, colour illustrations$c30 cm
610   $aInstitut Kanser Negara$xReporting$zMalaysia
650   $aCancer$vReporting$xStatistics$zMalaysia
651   $aCancer$vResearch$xStatistics$zMalaysia
710   $aNational Cancer Institute $eissuing body
856   $uhttps://moh-idepository.nih.gov.my/uploadbahan/SUMMARY-OF-MALAYSIA-NATIONAL-CANCER-REGISTRY-REPORT-2017-2021.pdf
942   $2NLM$cREF$n0
999   $c28477$d28477

Error list:
[{"tag":"264","description":"Missing tag 264 - PRODUCTION, PUBLICATION, DISTRIBUTION, MANUFACTURE, AND COPYRIGHT NOTICE (R)"}]
