LEADER 00718nam a2200205 a 4500
001 28476
003 NIH
005 20250418165245.0
008 250418b        |||||||| |||| 00| 0 eng d
040   $aNIH$beng$cNIH$erda
090   $aWC 200$bAB148 1989
100   $aAbida Haq bt. Syed Mazharul Haq
245   $aCAMPYLOBACTER INFECTIONS IN HUMAN BEINGS$cABIDA HAQ BT. SYED MAZHARUL HAQ
260   $aKuala Lumpur$bInstitute for Medical Research$c1989
300   $av, 72 pages$bColor illustrations, tables$c30 cm
501   $aThesis (Diploma in Medical Microbiology)--Institute for Medical Research, 1989
650   $aCampylobacter Infections 
856   $uhttps://library.nih.gov.my
942   $2NLM$cREF$n0
999   $c28476$d28476

Error list:
[{"tag":"264","description":"Missing tag 264 - PRODUCTION, PUBLICATION, DISTRIBUTION, MANUFACTURE, AND COPYRIGHT NOTICE (R)"}]
