LEADER 00670nam a2200205 a 4500
001 28475
003 NIH
005 20250418114312.0
008 250418b        |||||||| |||| 00| 0 eng d
040   $aNIH$beng$cNIH$erda
090   $aQW 568$bP192 1989
100   $aPanichabhongse, Pranee
245   $aCYTOKINES: CHARACTERISTICS AND FUNCTIONS$cPRANEE PANICHABHONGSE
260   $aKuala Lumpur$bInstitute for Medical Research$c1989
300   $avi, 70 pages$bIllustrations$c30 cm
501   $aThesis (Diploma in Medical Microbiology)--Institute for Medical Research, 1989
650   $aCytokines 
856   $uhttps://library.nih.gov.my
942   $2NLM$cREF$n0
999   $c28475$d28475

Error list:
[{"tag":"264","description":"Missing tag 264 - PRODUCTION, PUBLICATION, DISTRIBUTION, MANUFACTURE, AND COPYRIGHT NOTICE (R)"}]
