LEADER 00933nam a2200265 a 4500
001 28474
003 NIH
005 20250417174323.0
008 250417b        |||||||| |||| 00| 0 eng d
040   $aNIH$beng$cNIH$erda
090   $aQS 675$bK45 1988
100   $aKhong, Wing Seng
245   $aCONGENITAL VIRAL INFECTIONS: EPIDEMIOLOGY, DIAGNOSIS AND MANAGEMENT$cKHONG WING SENG
260   $aKuala Lumpur$bInstitute for Medical Research$c1988
300   $a62 pages$bIllustrations, tables$c30 cm
501   $aThesis (Diploma in Medical Microbiology)--Institute for Medical Research, 1988
650   $aFetal Diseases
650   $aCommunicable Diseases$xTransmission
650   $aInfectious Diseases Transmission, Vertical
650   $aRubella Syndrome, Congenital
650   $aCytomegalovines Infections
650   $aCongenital Abnormalities 
856   $uhttps://library.nih.gov.my
942   $2NLM$cREF$n0
999   $c28474$d28474

Error list:
[{"tag":"264","description":"Missing tag 264 - PRODUCTION, PUBLICATION, DISTRIBUTION, MANUFACTURE, AND COPYRIGHT NOTICE (R)"}]
