LEADER 00722nam a2200217 a 4500
001 28473
003 NIH
005 20250715171331.0
008 250417b        |||||||| |||| 00| 0 eng d
040   $aNIH$beng$cNIH$erda
090   $aQU 550.5.C5$bG291 1988
100   $aGde Rimaya
245   $aMETHODS  FOR THE CLONING OF DNA MOLECULES$cGDE RIMAYA
260   $aKuala Lumpur$bInstitute for Medical Research$c1988
300   $aii, 50 pages$bIllustrations$c30 cm
501   $aThesis (Diploma in Medical Microbiology(SEAMEO TROPMED))--Institute for Medical Research, 1988
650   $aCloning, Molecular  $xMethods
650   $aMolecular Cloning
856   $uhttps://library.nih.gov.my
942   $2NLM$cREF$n0
999   $c28473$d28473

Error list:
[{"tag":"264","description":"Missing tag 264 - PRODUCTION, PUBLICATION, DISTRIBUTION, MANUFACTURE, AND COPYRIGHT NOTICE (R)"}]
