LEADER 00655nam a2200205 a 4500
001 28472
003 NIH
005 20250417171656.0
008 250417b        |||||||| |||| 00| 0 eng d
040   $aNIH$beng$cNIH$erda
090   $aQW 805$bT882 1988
100   $aTuamsang,Sopon
245   $aVIRAL VACCINE: PAST, PRESENT , FUTURE$cSOPON TUAMSANG
260   $aKuala Lumpur$bInstitute for Medical Research$c1988
300   $aiv, 65pages$bIllustrations$c30 cm
501   $aThesis (Diploma in Medical Microbiology)--Institute for Medical Research, 1988
650   $aViral vaccines
856   $uhttps://library.nih.gov.my
942   $2NLM$cREF$n0
999   $c28472$d28472

Error list:
[{"tag":"650$a","description":"Missing sub field $a"},{"tag":"264","description":"Missing tag 264 - PRODUCTION, PUBLICATION, DISTRIBUTION, MANUFACTURE, AND COPYRIGHT NOTICE (R)"}]
