LEADER 00722nam a2200217 a 4500
001 28470
003 NIH
005 20250417165154.0
008 250417b        |||||||| |||| 00| 0 eng d
040   $aNIH$beng$cNIH$erda
090   $aQW 138.5.E8$bR819 1989
100   $aRosihan Anwar
245   $aA TYPICAL BIOGROUPS OF Escherichia coli$cROSIHAN ANWAR
260   $aKuala Lumpur$bInstitute for Medical Research$c1989
300   $a41 pages$bColor illustrations$c30 cm
501   $aThesis (Diploma in Medical Microbiology (SEAMEO-TROPMED))--Institute for Medical Research, 1988/1989
650   $2 Escherichia coli
651   $a Escherichia coli
856   $uhttps://library.nih.gov.my
942   $2NLM$cREF$n0
999   $c28470$d28470

Error list:
[{"tag":"264","description":"Missing tag 264 - PRODUCTION, PUBLICATION, DISTRIBUTION, MANUFACTURE, AND COPYRIGHT NOTICE (R)"}]
