LEADER 00809nam a2200217 a 4500
001 28469
003 NIH
005 20250417154536.0
008 250417b        |||||||| |||| 00| 0 eng d
040   $aNIH$beng$cNIH$erda
090   $aQX 505$bSU 965 2005
100   $aSumarni binti Mohd Ghazali
245   $aDETERMINATION OF BIOEFFICACY OF INSECTICIDE-IMPREGNATED NET FOR THE CONTROL OF HOUSEFLY IN A POULTRY FARM$cSUMARNI BINTI MOHD. GHAZALI
260   $aKuala Lumpur$bInstitute for Medical Research$c2005
300   $aiv, 50 pages$bIllustrations, tables, charts.$c30 cm
501   $aThesis (Diploma in Applied Parasitology and Entomology)--Institute for Medical Research, 2005
650   $aDiptera
650   $aPoultry Diseases
856   $uhttps://library.nih.gov.my
942   $2NLM$cREF$n0
999   $c28469$d28469

Error list:
[{"tag":"264","description":"Missing tag 264 - PRODUCTION, PUBLICATION, DISTRIBUTION, MANUFACTURE, AND COPYRIGHT NOTICE (R)"}]
