LEADER 00856nam a2200229 a 4500
001 28468
003 NIH
005 20250417151122.0
008 250417b        |||||||| |||| 00| 0 eng d
040   $aNIH$beng$cNIH$erda
090   $aWA 690$bN692 2005
100   $aDr. Nik Muhammad Nizam Nik Hassan
245   $aDetection of Viable Cryptosporidium sp. in Household External Water Filters$cDR NIK MUHAMMAD NIZAM NIK HASSAN
260   $aKuala Lumpur$bInstitute for Medical Research$c2005
300   $avi, 49 pages$bIllustrations, tables, charts$c30 cm
501   $aThesis (Diploma in Applied Parasitology and Entomology)--Institute for Medical Research, 2005
504   $aBibliography: pages 34-38
650   $aWater Purification$xTesting
650   $aWater quality$xTesting
856   $uhttps://library.nih.gov.my
942   $2NLM$cREF$n0
999   $c28468$d28468

Error list:
[{"tag":"264","description":"Missing tag 264 - PRODUCTION, PUBLICATION, DISTRIBUTION, MANUFACTURE, AND COPYRIGHT NOTICE (R)"}]
