LEADER 00843nam a2200217 a 4500
001 28467
003 NIH
005 20250417115637.0
008 250417b        |||||||| |||| 00| 0 eng d
040   $aNIH$beng$dNIH$eRDA
090   $aQX 600 L653 2005
100   $aLeung, Kwok Kai
245   $aBiological efficacy of commercial household insecticides aerosol spray against Aedes aegypti (Linn.) under simulated field conditions$cKwok Kai Leung
260   $aKuala Lumpur$bInstitute for Medical Research$c2005
300   $av., 53 pages$bTables, illustrations, charts$c30 cm
501   $aThesis (Diploma in Applied Parasitology and Entomology)--Institute for Medical Research, 2005
650   $aAedes$xMosquito Control 
651   $aAedes$xPest Control, Biological  
856   $uhttps://library.nih.gov.my
942   $2NLM$n0$cREF
999   $c28467$d28467

Error list:
[{"tag":"264","description":"Missing tag 264 - PRODUCTION, PUBLICATION, DISTRIBUTION, MANUFACTURE, AND COPYRIGHT NOTICE (R)"}]
