LEADER 00885nam a2200241 a 4500
001 28466
003 NIH
005 20250417130618.0
008 250416b        |||||||| |||| 00| 0 eng d
040   $aNIH$beng$cNIH$erda
060   $a 
090   $aQT 37$bM659 2005
100   $aMukumbwali, Milner
245   $aBIOCOMPATIBILITY TESTING OF Pycnoscelus COCKROACH EXTRACT: PRIMARY SKIN IRRITATION AND SKIN SENSITIZATION STUDIES$cMILNER MUKUMBWALI
260   $aKuala Lumpur$bInstitute for Medical Research$c2005
300   $av, 34 pages.$bcolor illustrations.$c30 cm.
501   $aThesis (Diploma in Applied Parasitology and Entomology)--Institute for Medical Research, 2005
504   $aBibliography: pages 29-33.
650   $aCockroaches$xInfectious skin diseases 
650   $a Cockroaches $xTesting
856   $uhttps://library.nih.gov.my
942   $2NLM$cREF$n0
999   $c28466$d28466

Error list:
[{"tag":"264","description":"Missing tag 264 - PRODUCTION, PUBLICATION, DISTRIBUTION, MANUFACTURE, AND COPYRIGHT NOTICE (R)"}]
