LEADER 00771nam a2200217 a 4500
001 28464
003 NIH
005 20250417115816.0
008 250415b        |||||||| |||| 00| 0 eng d
040   $aNIH$beng$cNIH$erda
090   $aWC 880 N769 1996
100   $aNoenoek Poerwaningsih
245   $aDYNAMICS OF BRUGIA MALAYI CIRCULATING ANTIGEN IN EXPERIMENTAL INFECTION AND AFTER CHEMOTHERAPHY$cNoenoek Poerwaningsih
260   $aKuala Lumpur$bInstitute for Medical Research$c1996
300   $a47 pages.$bTables, illustrations.$c29.5 cm.
501   $aThesis (Diploma in Applied Parasitology and Entomology)--Institute for Medical Research, 1996.
650   $aFilariasis
651   $aBrugia
856   $uhttps://library.nih.gov.my
942   $2NLM$cREF$n0
999   $c28464$d28464

Error list:
[{"tag":"264","description":"Missing tag 264 - PRODUCTION, PUBLICATION, DISTRIBUTION, MANUFACTURE, AND COPYRIGHT NOTICE (R)"}]
