LEADER 00812nam a2200217 a 4500
001 28463
003 NIH
005 20250422123911.0
008 250415b        |||||||| |||| 00| 0 eng d
040   $aNIH$beng$cNIH$erda
090   $aWA 240 $bL189 2005
100   $aLaithavewat, Luxana
245   $aBiochemical Analysis of Insecticide Susceptibility in Culicine Mosquitoes in Malaria Endemic Areas$cLuxana Laithavewat
260   $aKuala Lumpur$bInstitute for Medical Research$c2005
300   $av, 50 pages.$btables, illustrations, charts.$c30 cm.
501   $aThesis (Diploma in Applied Parasitology and Entomology)--Institute for Medical Research, 2005.
650   $aInsecticide Resistance$xCulex
650   $aMalaria$xPrevention
856   $uhttps://library.nih.gov.my
942   $2NLM$cREF$n0
999   $c28463$d28463

